@article{eurasip,
title = "A Robust Zero-Watermarking Algorithm for Audio",
author = "Ning Chen and Jie Zhu",
journal = "EURASIP Journal on Advances in Signal Processing",
volume = "2008",
number = "103",
pages =  "1--7",
year = "2008",
publisher = "" ,
url = ""
}

@inproceedings{zws,
author = "X. Li and G. He",
title = "A New Audio Zero-watermark Algorithm for Copyright Protection Based on Audio Segmentation and Wavelet Coefficients Mapping",
booktitle = "Proceedings of the International Conference on Digital Content, Multimedia Technology and its Applications (IDCTA)",
publisher = "", 
address = "",
pages = "22--26",
year = "2011"
}

@inproceedings{ieee,
author = "Hua Liang Dai and Di He",
title = "An Efficient and Robust Zero-watermarking Scheme for Audio Based on \uppercase{DWT} and \uppercase{DCT}",
booktitle = "Proceedings of the Asia Pacific Conference on IEEE Microelectronics \& Electronics",
publisher = "", 
address = "",
pages = "233--236",
year = "2009"
}

@inproceedings{zernik,
author = "Y. Xiong and R. Wang",
title = "An Audio Zero-Watermark Algorithm Combined \uppercase{DCT} with Zernike Moments",
booktitle = "Proceedings of the International Conference on Cyberworlds",
pages = "11--15",
year = "2008"
}

@article{energy,
author = "Shu M. Tsai",
title = "A Robust Zero-Watermarking Scheme for Digital Audio",
journal = "International Journal of Information and Electronics Engineering",
volume = "5",
number = "2",
pages = "117--121",
year = "2015"
}

@article{dwt,
author = "Yu Yang and Min Lei and Huaqun Liu and Yajian Zhou and Qun Luo",
title = "A Novel Robust Zero-Watermarking Scheme Based on Discrete Wavelet Transform",
journal = "Journal of Multimedia",
volume = "7",
number = "4",
pages = "303--308",
year = "2012"
}

@article{wang,
author = "X. Y. Wang and H. Zhao",
title = "A Novel Synchronization Invariant Audio Watermarking Scheme Based on \uppercase{DWT} and \uppercase{DCT}",
journal = "IEEE Transactions on Signal Processing",
year = "2006",
volume = "54",
number = "12",
pages = "4835--4840"
}

@article{wqi,
author = "X. Y. Wang and W. Qi and P. Niu",
title = "A New Adaptive Digital Audio Watermarking Based on Support Vector Regression",
journal = "IEEE Transactions on Audio, Speech, and Language Processing",
year = "2007",
volume = "15",
number = "8",
pages = "2270--2277"
}
