@article{bhat2011audio,
  title={An audio watermarking scheme using singular value decomposition and dither-modulation quantization},
  author={Bhat, Vivekananda and Sengupta, Indranil and Das, Abhijit},
  journal={Multimedia Tools and Applications},
  volume={52},
  number={2},
  pages={369--383},
  year={2011},
  publisher={Springer}
}

@article{eurasip,
title = "A Robust Zero-Watermarking Algorithm for Audio",
author = "Ning Chen and Jie Zhu",
journal = "EURASIP Journal on Advances in Signal Processing",
volume = "2008",
number = "103",
pages =  "1--7",
year = "2008",
publisher = "" ,
url = ""
}

@incollection{kumsawat2008digital,
  title={Digital audio watermarking for copyright protection based on multiwavelet transform},
  author={Kumsawat, Prayoth and Attakitmongcol, Kitti and Srikaew, Arthit},
  booktitle={Intelligence and Security Informatics},
  pages={155--164},
  year={2008},
  publisher={Springer}
}

@article{wang2010audio,
  title={Audio watermarking scheme robust against desynchronization based on the dyadic wavelet transform},
  author={Wang, Yong and Wu, Shaoquan and Huang, Jiwu},
  journal={EURASIP Journal on Advances in Signal Processing},
  volume={2010},
  number={13},
  pages={1--17},
  year={2010}
}

@inproceedings{ling,
author = "L. Xie and J. Zhang and H. He",
title = "Robust Audio Watermarking Scheme Based on Nonuniform Discrete Fourier Transform",
booktitle = "Proceedings of the International Conference on Engineering of Intelligent System",
publisher = "", 
pages = "1--5",
year = "2006"
}

@inproceedings{zeng,
author = "G. Zeng and Z. Qiu",
title = "Audio Watermarking in \uppercase{DCT}: Embedding Strategy and Algorithm",
booktitle = "Proceedings of the International Conference on Signal Processing",
publisher = "", 
address = "",
pages = "2193--2196",
year = "2008"
}

@inproceedings{pooyan,
author = "M. Pooyan and A. Delforouzi",
title = "Adaptive and Robust Audio Watermarking in Wavelet Domain",
booktitle = "Proceedings of the International Conference on International Information Hiding and Multimedia Signal Processing",
publisher = "", 
address = "",
pages = "287--290",
year = "2007"
}

@inproceedings{zws,
author = "X. Li and G. He",
title = "A New Audio Zero-watermark Algorithm for Copyright Protection Based on Audio Segmentation and Wavelet Coefficients Mapping",
booktitle = "Proceedings of the International Conference on Digital Content, Multimedia Technology and its Applications",
publisher = "", 
address = "",
pages = "22--26",
year = "2011"
}

@inproceedings{bzwdwt,
author = "X. Zhong and X. Tang and H. Yuc",
title = "Zero-Watermark Scheme Based on Audio's Statistical Character",
booktitle = "Proceedings of the International Symposium on Microwave, Antenna, Propagation, and EMC Technologies for Wireless Communications",
publisher = "", 
address = "",
pages = "1227--1230",
year = "2007"
}

@inproceedings{ieee,
author = "Hua Liang Dai and Di He",
title = "An Efficient and Robust Zero-watermarking Scheme for Audio Based on \uppercase{DWT} and \uppercase{DCT}",
booktitle = "Asia Pacific Conference on Postgraduate Research in Microelectronics \& Electronics",
publisher = "", 
address = "",
pages = "233--236",
year = "2009"
}

@inproceedings{zernik,
author = "Y. Xiong and R. Wang",
title = "An Audio Zero-Watermark Algorithm Combined \uppercase{DCT} with Zernike Moments",
booktitle = "Proceedings of the International Conference on Cyberworlds",
pages = "11--15",
year = "2008"
}

@mastersthesis{yclu,
author = "Y. C. Lu",
title = "Cepstral CoEfficients Based Zero-Watermark Scheme for Digital Audio",
school = "Institute of Communication Engineering, Tatung University, Taipei, Taiwan",
year = "2008"
}

@inproceedings{mlwang,
author = "M. L. Wang and H. X. Lin and M. T. Lee",
title = "Robust Audio Watermarking Based on \uppercase{MDCT} CoEfficients",
booktitle = "Proceedings of the International Conference on Genetic and Evolutionary Computing",
pages = "372--375",
year = "2012"
}

@inproceedings{lpcc,
author = "S. M. Tsai",
title = "A Robust Zero-Watermarking Algorithm for Audio Based on \uppercase{LPCC}",
booktitle = "Proceedings of the International Conference on Orange Technologies",
pages = "63--66",
year = "2013"
}

@inproceedings{smtsai,
author = "Shu M. Tsai",
title = "An Efficient and Robust Zero-Watermarking Scheme for Digital Audio",
booktitle = "Proceedings of the International Conference on Circuits and Systems",
pages = "51--54",
year = "2013"
}

@article{energy,
author = "Shu M. Tsai",
title = "A Robust Zero-Watermarking Scheme for Digital Audio",
journal = "International Journal of Information and Electronics Engineering",
volume = "5",
number = "2",
pages = "117--121",
year = "2015"
}

@misc{rust,
url="http://www.jamendo.com/en/album/7365"
}

@article{dwt,
author = "Yu Yang and Min Lei and Huaqun Liu and Yajian Zhou and Qun Luo",
title = "A Novel Robust Zero-Watermarking Scheme Based on Discrete Wavelet Transform",
journal = "Journal of Multimedia",
volume = "7",
number = "4",
pages = "303--308",
year = "2012"
}

@article{rnb,
author = "R. N. Bracewell",
title = "The Discrete Hartley Transform",
journal = "Journal of Optical Society of America",
volume = "73",
number = "12",
pages = "1832--1835",
year = "1983"
}

@article{wang,
author = "X. Y. Wang and H. Zhao",
title = "A Novel Synchronization Invariant Audio Watermarking Scheme Based on \uppercase{DWT} and \uppercase{DCT}",
journal = "IEEE Transactions on Signal Processing",
year = "2006",
volume = "54",
number = "12",
pages = "4835--4840"
}

@article{wqi,
author = "X. Y. Wang and W. Qi and P. Niu",
title = "A New Adaptive Digital Audio Watermarking Based on Support Vector Regression",
journal = "IEEE Transactions on Audio, Speech, and Language Processing",
year = "2007",
volume = "15",
number = "8",
pages = "2270--2277"
}

@inproceedings{WenQuan,
author = "Wen Quan and Tanfeng Sun and Shuxun Wang",
title = "Zero-watermark Watermarking for Image Authentication",
booktitle = "Proceedings of the Signal and Image Processing",
pages = "503--508",
year = "2002"
}

@article{faster,
author = "G. E. J. Bold",
title = "A comparison of the time involved in computing fast Hartley and fast Fourier transforms",
journal = "Proceedings of the IEEE",
volume = "73",
number = "12",
pages = "1863--1864",
year = "1985"
}

@misc{goldwave,
note = "(Accessed on: Mar. 28, 2015)",
url="https://www.goldwave.com/"
}

@misc{matlab,
url="https://www.mathworks.com/products/matlab/"
}

@article{zhang,
author = "Zhang Xiaoming and YU Zhaoyang and LI Wenzhi",
title = "Audio watermarking algorithm for public information transmission",
journal = "Journal of Computer Applications",
year = "2009",
volume = "29",
number = "9",
pages = "2323--2326"
}

@article{bassia,
author = "P. Bassia and I. Pitas and N. Nikolaidis",
title = "Robust audio watermarking in the time domain",
journal = "IEEE Transactions on Multimedia",
year = "2001",
volume = "3",
number = "2",
pages = "232--241"
}

@inproceedings{foote,
author = "J. Foote and J. Adcock",
title = "Time base modulation: A new approach to watermarking audio and images",
booktitle = "Proceedings of the International Conference on Multimedia and Expo",
volume = "1",
pages = "221-224",
year = "2003"
}

@article{wnlie,
author = "W.N. Lie and L.C. Chang",
title = "Robust and High Quality Time Domain Audio Watermarking Based on Low Frequency Amplitude Modification",
journal = "IEEE Transaction on Multimedia",
year = "2006",
volume = "8",
number = "1",
pages = "46--59"
}

@article{lemma,
author = "A.N. Lemma and J. Aprea and W. Oomen",
title = "A Temporal Domain Audio Watermarking Technique",
journal = "IEEE Transaction on Signal Processing",
year = "2003",
volume = "51",
number = "4",
pages = "1088--1097"
}

@inproceedings{hooh,
author = "H.O. Oh and J.W. Seok and J.W. Huang and D.H. Youn",
title = "New echo embedding technique for robust and imperceptible audio watermarking",
booktitle = "Proceedings of the International Conference on Acoustics, Speech, and Signal Processing",
publisher = "", 
address = "",
volume = "3",
pages = "1341--1344",
year = "2001"
}

@article{kbyeong,
author = "K. Byeong Seob and R. Nishimura and Y. Suzuki",
title = "Time-spread echo method for digital audio watermarking",
journal = "IEEE Transaction on Multimedia",
year = "2005",
volume = "7",
number = "2",
pages = "212--221"
}

@article{david,
author = "David Megias and J. Serra Ruiz and M. Fallahpour",
title = "Efficient self-synchronised blind audio watermarking system based on time domain and \uppercase{FFT} amplitude modification",
journal = "Signal Process",
year = "2010",
volume = "90",
number = "12",
pages = "3078--3092"
}

@article{fallahpour,
author = "M. Fallahpour and D. Megias",
title = "Audio Watermarking Based on Fibonacci Numbers",
journal = "IEEE/ACM Transaction on Audio, Speech, and Language Processing",
year = "2015",
volume = "23",
number = "8",
pages = "1273--1282"
}

@inproceedings{wtan,
author = "W. Tan and S. Yang and Y. Chen and J. Zhou",
title = "Research on \uppercase{DFT} Domain Digital Audio Watermarking Algorithm Based on Quantization",
booktitle = "Proceedings of the International Workshop on Education Technology and Computer Science",
publisher = "", 
address = "",
volume = "3",
pages = "736--739",
year = "2009"
}

@inproceedings{meng,
author = "M. Lihua and Y. Shuangyuan and J. Qingshan",
title = "A New Algorithm for Digital Audio Watermarking Based on \uppercase{DWT}",
booktitle = "Proceedings of the WRI Global Congress on Intelligent Systems",
publisher = "", 
address = "",
volume = "4",
pages = "229--233",
year = "2009"
}

@article{stchen,
author = "S. T. Chen and G. D. Wu and H. N. Huang",
title = "Wavelet domain audio watermarking scheme using optimisation based quantisation",
journal = "IET Signal Processing",
year = "2010",
volume = "4",
number = "6",
pages = "720--727"
}

@article{stchen2,
author = "S. T. Chen and H. N. Huang and C. J. Chen and Tseng Kuo Kun and Tu Shu Yi",
title = "Adaptive audio watermarking via the optimization point of view on the wavelet based entropy",
journal = "Digital Signal Processing",
year = "2013",
volume = "23",
number = "3",
pages = "971--980"
}

@article{pranab,
author = "Pranab Kumar Dhar and Mohammad Ibrahim Khan and Saif Ahmad",
title = "A new \uppercase{DCT}-based watermarking method for copyright protection of digital audio",
journal = "International Journal of Computer Science \& Information Technology",
year = "2010",
volume = "2",
number = "5",
pages = "91--101"
}

@article{wen2003concept,
  title={Concept and application of zero-watermark},
  author={Wen, Quan and Sun, Tan Feng and Wang, Shu Xun},
  journal={Acta Electronica Sinica},
  volume={31},
  number={2},
  pages={214--216},
  year={2003},
  publisher={Chinese Institute Of Elecronics, Beijing}
}

@inproceedings{sun2002zero,
  title={Zero-watermark watermarking for image authentication},
  author={Sun, Tanfeng and Quan, Wen and Wang, SX},
  booktitle={Proceedings of the International Conference Signal and Image Processing},
  pages={503--508},
  year={2002}
}

@inproceedings{ciptasari2011efficient,
  title={An efficient key generation method in audio zero-Watermarking},
  author={Ciptasari, Rimba Whidiana and Yulianto, Fazmah Arif and Fajar, Aulia and Sakurai, Kouichi},
  booktitle={Proceedings of the International Conference on Intelligent Information Hiding and Multimedia Signal Processing},
  pages={336--339},
  year={2011}
}


@article{lei2012robust,
  title={A robust audio watermarking scheme based on lifting wavelet transform and singular value decomposition},
  author={Lei, Baiying and Soon, Yann and Zhou, Feng and Li, Zhen and Lei, Haijun},
  journal={Signal Processing},
  volume={92},
  number={9},
  pages={1985--2001},
  year={2012},
  publisher={Elsevier}
}


@incollection{zhang2014robust,
  title={A Robust Audio Zero-Watermarking Algorithm Based on Wavelet Packet Analysis},
  author={Zhang, Xueying and Zhang, Wei and Li, Fenglian and Liu, Guangyu},
  booktitle={Intelligent Data analysis and its Applications},
  volume="1",
  pages={3--10},
  year={2014},
  publisher={Springer}
}


@incollection{ji2011quantified,
  title={A Quantified Audio Watermarking Algorithm Based on \uppercase{DWT-DCT}},
  author={Ji, Yingying and Kim, JongWeon},
  booktitle={Multimedia, Computer Graphics and Broadcasting},
  pages={339--344},
  year={2011},
  publisher={Springer}
}


@incollection{quan2012audio,
  title={An audio watermarking algorithm using group quantization of \uppercase{DCT} coefficients},
  author={Quan, Wenji and Kim, JongWeon},
  booktitle={Future Generation Information Technology},
  pages={159--166},
  year={2012},
  publisher={Springer}
}

@inproceedings{guo,
author = "Q. Guo and Y. Zhao and P. Cheng and F. Wang",
title = "An Audio Digital Watermarking Algorithm Against \uppercase{A/D} And \uppercase{D/A} Conversions Based on \uppercase{DCT} domain",
booktitle = "Proceedings of the International Conference on Consumer Electronics, Communications and Networks",
publisher = "", 
address = "",
volume = "",
pages = "871--876",
year = "2012"
}

@article{dhar2013dwt,
  title={A \uppercase{DWT-DCT} based audio watermarking method using singular value decomposition and quantization},
  author={Dhar, Pranab Kumar and Shimamura, Tetsuya},
  journal={Journal of Signal Processing},
  volume={17},
  number={3},
  pages={69--79},
  year={2013}
}